
@misc{gtpwiki,
  howpublished = "\url{https://en.wikipedia.org/wiki/GPRS_Tunnelling_Protocol}"
}
@misc{ddpGuide,
  howpublished = "\url{https://builders.intel.com/docs/networkbuilders/intel-ethernet-controller-700-series-gtpv1-dynamic-device-personalization.pdf/}"
}
@misc{imixLink,
  howpublished = "\url{https://en.wikipedia.org/wiki/Internet_Mix}"
}
@misc{ewma,
  howpublished = "\url{https://en.wikipedia.org/wiki/Moving_average}"
}
@misc{flowReport,
  howpublished = "\url{https://www.intel.com/content/dam/www/public/us/en/documents/white-papers/intel-ethernet-flow-director.pdf/}"
}



@article{barach2018high,
  title={High-speed software data plane via vectorized packet processing},
  author={Barach, David and Linguaglossa, Leonardo and Marion, Damjan and Pfister, Pierre and Pontarelli, Salvatore and Rossi, Dario},
  journal={IEEE Communications Magazine},
  volume={56},
  number={12},
  pages={97--103},
  year={2018},
  publisher={IEEE}
}
@inproceedings{dobrescu2009routebricks,
  title={RouteBricks: exploiting parallelism to scale software routers},
  author={Dobrescu, Mihai and Egi, Norbert and Argyraki, Katerina and Chun, Byung-Gon and Fall, Kevin and Iannaccone, Gianluca and Knies, Allan and Manesh, Maziar and Ratnasamy, Sylvia},
  booktitle={Proceedings of the ACM SIGOPS 22nd symposium on Operating systems principles},
  pages={15--28},
  year={2009}
}
@inproceedings{pagh2001cuckoo,
  title={Cuckoo hashing},
  author={Pagh, Rasmus and Rodler, Flemming Friche},
  booktitle={European Symposium on Algorithms},
  pages={121--133},
  year={2001},
  organization={Springer}
}
@article{kirsch2010more,
  title={More robust hashing: Cuckoo hashing with a stash},
  author={Kirsch, Adam and Mitzenmacher, Michael and Wieder, Udi},
  journal={SIAM Journal on Computing},
  volume={39},
  number={4},
  pages={1543--1561},
  year={2010},
  publisher={SIAM}
}
@article{bloom1970space,
  title={Space/time trade-offs in hash coding with allowable errors},
  author={Bloom, Burton H},
  journal={Communications of the ACM},
  volume={13},
  number={7},
  pages={422--426},
  year={1970},
  publisher={ACM New York, NY, USA}
}
@book{peterson2007computer,
  title={Computer networks: a systems approach},
  author={Peterson, Larry L and Davie, Bruce S},
  year={2007},
  publisher={Elsevier}
}
@inproceedings{emmerich2019user,
  title={User space network drivers},
  author={Emmerich, Paul and Pudelko, Maximilian and Bauer, Simon and Huber, Stefan and Zwickl, Thomas and Carle, Georg},
  booktitle={2019 ACM/IEEE Symposium on Architectures for Networking and Communications Systems (ANCS)},
  pages={1--12},
  year={2019},
  organization={IEEE}
}
@article{cerovic2018fast,
  title={Fast packet processing: A survey},
  author={Cerovi{\'c}, Danilo and Del Piccolo, Valentin and Amamou, Ahmed and Haddadou, Kamel and Pujolle, Guy},
  journal={IEEE Communications Surveys \& Tutorials},
  volume={20},
  number={4},
  pages={3645--3676},
  year={2018},
  publisher={IEEE}
}
@inproceedings{fan2014cuckoo,
  title={Cuckoo filter: Practically better than bloom},
  author={Fan, Bin and Andersen, Dave G and Kaminsky, Michael and Mitzenmacher, Michael D},
  booktitle={Proceedings of the 10th ACM International on Conference on emerging Networking Experiments and Technologies},
  pages={75--88},
  year={2014}
}
@misc{skbuff,
  howpublished = "\url{https://people.cs.clemson.edu/~westall/853/notes/skbuff.pdf}"
}
@inproceedings{herlihy1993transactional,
  title={Transactional memory: Architectural support for lock-free data structures},
  author={Herlihy, Maurice and Moss, J Eliot B},
  booktitle={Proceedings of the 20th annual international symposium on computer architecture},
  pages={289--300},
  year={1993}
}
@inproceedings{barbette2015fast,
  title={Fast userspace packet processing},
  author={Barbette, Tom and Soldani, Cyril and Mathy, Laurent},
  booktitle={2015 ACM/IEEE Symposium on Architectures for Networking and Communications Systems (ANCS)},
  pages={5--16},
  year={2015},
  organization={IEEE}
}
@inproceedings{gupta1998routing,
  title={Routing lookups in hardware at memory access speeds},
  author={Gupta, Pankaj and Lin, Steven and McKeown, Nick},
  booktitle={Proceedings. IEEE INFOCOM'98, the Conference on Computer Communications. Seventeenth Annual Joint Conference of the IEEE Computer and Communications Societies. Gateway to the 21st Century (Cat. No. 98},
  volume={3},
  pages={1240--1247},
  year={1998},
  organization={IEEE}
}

@misc{progguide,
  howpublished = "\url{https://doc.dpdk.org/guides/prog_guide/}"
}


@misc{cascode,
  howpublished = "\url{https://en.wikipedia.org/wiki/Compare-and-swap}"
}

@misc{tldkurl,
  howpublished = "\url{https://github.com/FDio/tldk}"
}

@misc{tldkimg,
  howpublished = "\url{https://www.slideshare.net/blopeur/tldk-fdio-sept-2016}"
}

@misc{memblogdpdk,
  howpublished = "\url{https://www.dpdk.org/blog/2019/08/21/memory-in-dpdk-part-1-general-concepts/}"
}

@misc{slidesdpdk,
  howpublished = "\url{https://www.slideshare.net/garyachy/dpdk-44585840}"
}
@misc{memblogdpdk2,
  howpublished = "\url{https://www.dpdk.org/blog/2019/09/14/memory-in-dpdk-part-2-deep-dive-into-iova//}"
}
@article{ixydpdk,
  title={User Space Network Drivers},
  author={Emmerich, Paul and Pudelko, Maximilian and Bauer, Simon and Huber, Stefan and Zwickl, Thomas and Carle, Georg},
  journal={arXiv preprint arXiv:1901.10664},
  year={2019}
}
@misc{afpacket,
  howpublished = "\url{https://doc.dpdk.org/guides/nics/af_packet.html}"
}\
@inproceedings{marian2012netslices,
  title={NetSlices: scalable multi-core packet processing in user-space},
  author={Marian, Tudor and Lee, Ki Suh and Weatherspoon, Hakim},
  booktitle={Proceedings of the eighth ACM/IEEE symposium on Architectures for networking and communications systems},
  pages={27--38},
  year={2012}
}
@misc{rizzo201210,
  title={10 Gbit/s line rate packet processing using commodity hardware: Survey and new proposals},
  author={Rizzo, Luigi and Deri, Luca and Cardigliano, Alfredo}
}


@misc{pfringcite,
  howpublished = "\url{https://www.ntop.org/products/packet-capture/pf_ring/}"
}


@misc{pfringzc,
  howpublished = "\url{https://www.ntop.org/products/packet-capture/pf_ring-zc-zero-copy/}"
}
@inproceedings{rizzo2012netmap,
  title={Netmap: a novel framework for fast packet I/O},
  author={Rizzo, Luigi},
  booktitle={21st USENIX Security Symposium (USENIX Security 12)},
  pages={101--112},
  year={2012}
}
@misc{membersdpdk,

  howpublished = "\url{https://www.dpdk.org/ecosystem/#members}"
}
