@article{p4,
 author = "Bosshart, Pat and Daly, Dan and Gibb, Glen and Izzard, Martin and McKeown, Nick and Rexford, Jennifer and Schlesinger, Cole and Talayco, Dan and Vahdat, Amin and Varghese, George and Walker, David",
 title = "P4: {P}rogramming {P}rotocol-independent {P}acket {P}rocessors",
 journal = "SIGCOMM Computer Communication Review",
 volume = "44",
 year = "2014",
}

@online{kaloom_wp,
  author = "",
  title = "The {K}aloom 5{G} {U}ser {P}lane {F}unction ({UPF})",
  url = "https://www.mbuzzeurope.com/wp-content/uploads/2020/02/Product-Brief-Kaloom-5G-UPF-v1.0.pdf",
  year = "2019",
}

@online{4g-uldl,
  author = "Holma, Harri and Toskala, Antti",
  title = "{LTE} {A}dvanced: 3{GPP} {S}olution for {IMT}-{A}dvanced",
  url = "https://www.oreilly.com/library/view/lte-advanced-3gpp/9781118399422/c01anchor-3.html",
  year = "2012",
}

@online{5g-uldl,
  author = "",
  title = "Minimum requirements related to technical performance for {IMT}-2020 radio interface(s)",
  url = "https://www.itu.int/dms_pub/itu-r/opb/rep/R-REP-M.2410-2017-PDF-E.pdf",
  year = "2017",
}

@online{flexpipe,
  author = "Ozdag,Recep",
  title = "Intel {E}thernet {S}witch {FM}6000 {S}eries - {S}oftware {D}efined {N}etworking",
  url = "https://people.ucsc.edu/~warner/Bufs/ethernet-switch-fm6000-sdn-paper.pdf",
  year = "2019",
}

@online{doppler,
  author = "",
  title = "Cisco highlights next big switch.",
  url = "https://www.biztechafrica.com/article/cisco-announces-next-big-switch/5448/",
  year = "2013",
}

@online{cavium,
  author = "",
  title = "Cavium {X}pliant ethernet switch product line.",
  url = "https://people.ucsc.edu/~warner/Bufs/Xpliant-cavium.pdf",
  year = "2015",
}

@online{xilinx,
  author = "",
  title = "Xilinx.",
  url = "https://www.xilinx.com/",
  year = "2019",
}

@online{ezchip,
  author = "",
  title = "EZchip.",
  url = "https://www.radisys.com/partners/ez-chip",
  year = "2019",
}

@online{altera,
  author = "",
  title = "Altera.",
  url = "https://www.mouser.in/manufacturer/altera/",
  year = "2019",
}

@online{pensando,
  author = "",
  title = "Pensando systems.",
  url = "https://www.pensando.io/",
  year = "2019",
}

@online{netronome,
  author="Netronome systems",
  title = "Agilio {CX} 2x10{G}b{E} {S}mart{NIC}",
  url = "https://www.netronome.com/media/documents/PB_Agilio_CX_2x10GbE-7-20.pdf", 
  year = "2020",
}

@online{netronome-cost,
  author="",
  title = "Cost of {A}gilio {CX} {S}mart{NIC}s",
  url = "https://colfaxdirect.com/store/pc/showsearchresults.asp?IDBrand=38&iPageSize=50", 
  year = "2021",
}

@online{netronome-cx-4000,
  author="Netronome systems",
  title = "{A}gilio {CX} {S}mart{NIC}s",
  url = "https://www.netronome.com/products/agilio-cx/", 
  year = "2018",
}

@online{netronome-25G,
  author="Netronome systems",
  title = "{A}gilio {CX} 2x25{G}b{E} {S}mart{NIC}",
  url = "https://colfaxdirect.com/store/pc/viewPrd.asp?idproduct=3144&idcategory=0", 
  year = "2020",
}

@online{netronome-40G,
  author="Netronome systems",
  title = "Agilio {CX} 2x40{G}b{E} {S}mart{NIC}",
  url = "https://colfaxdirect.com/store/pc/viewPrd.asp?idproduct=2871", 
  year = "2020",
}

@online{netronome-6000,
  author="Netronome systems",
  title = "Netronome {NFP}-6000 {F}low {P}rocessor",
  url = "https://netronome.unomena.io/media/documents/PB_NFP-6000-7-20.pdf", 
  year = "2020",
}

@online{tofino-2,
  author="",
  title = "Edgecore {N}etworks {AS}9516-32{D} ({T}ofino-2)",
  url = "https://stordirect.com/shop/switches/400g-switches/edgecore-networks-as9516-32d/", 
  year = "2021",
}

@online{xeon-processor,
  author="",
  title = "Intel {X}eon {E}5-2670 {V}3 {D}odeca-core (12 Core) 2.30 {G}hz {P}rocessor",
  url = "https://www.amazon.com/Intel-Xeon-E5-2670-Dodeca-core-Processor/dp/B00NFA7ILQ#HLCXComparisonWidget_feature_div", 
  year = "2021",
}

@online{40G-nic-cost,
  author="",
  title = "Intel {XL}710-{BM}2 {D}ual-{P}ort 40{G} {QSFP}+ {PCI}e 3.0 x8, {E}thernet {N}etwork {I}nterface {C}ard ",
  url = "https://www.fs.com/products/75604.html", 
  year = "2021",
}

@online{tofino,
  author="Barefoot networks",
  title = "{N}ovi{W}are 400.5 for {B}arefoot {T}ofino chipset",
  url = "https://noviflow.com/wp-content/uploads/NoviWare-Tofino-Datasheet.pdf", 
  year = "2018",
}

@online{p4nfpmeter,
	author = "Jaco Joubert",
	title = "{P}4 {L}oadbalancer and {M}etering",
	url = "https://github.com/open-nfpsw/p4_basic_lb_metering_nic",
	year = "2017",
}

@online{p4wire,
	author = "Helgard Van Rensburg",
	title = "{P}4 {W}ire {E}xample {A}pplication",
	url = "https://github.com/open-nfpsw/p4wire",
	year = "2017",
}

@online{p4psa,
	author = "The P4.org Architecture Working Group",
	title = "{P}4 16 {P}ortable {S}witch {A}rchitecture ({PSA})",
	url = "https://p4.org/p4-spec/docs/PSA.html",
	year = "2021",
}

@online{p4bmv2,
	url = "https://github.com/p4lang/behavioral-model",
	author = "Antonin Bas",
	title = "{Behavioral} {model} (bmv2)",
	year = "2021",
}

@online{p4bmv2meter,
	url = "https://github.com/nsg-ethz/p4-learning/tree/master/examples/meter",
	author = "Edgar Costa",
	year = "2020",
	title = "{P}4 {M}eter {A}pplication",
}

@inproceedings{int,
  title="In-band network telemetry via programmable dataplanes",
  author="Kim, Changhoon and Sivaraman, Anirudh and Katta, Naga and Bas, Antonin and Dixit, Advait and Wobker, Lawrence J",
  booktitle="ACM Special Interest Group on Data Communication (SIGCOMM)",
  year="2015",
}

@inproceedings{hula,
  author = "Katta, Naga and Hira, Mukesh and Kim, Changhoon and Sivaraman, Anirudh and Rexford, Jennifer",
  title = "{HULA}: {S}calable {L}oad {B}alancing {U}sing {P}rogrammable {D}ata {P}lanes",
  booktitle = "Proceedings of the the Symposium on SDN Research (SOSR)",
  year = "2016",
}

@inproceedings {blink,
  author = "Thomas Holterbach and Edgar Costa Molero and Maria Apostolaki and Alberto Dainotti and Stefano Vissicchio and Laurent Vanbever",
  title = "Blink: {F}ast {C}onnectivity {R}ecovery {E}ntirely in the {D}ata {P}lane",
  booktitle = "16th {USENIX} Symposium on Networked Systems Design and Implementation (NSDI)",
  year = "2019",
}

@inproceedings{wharf,
  title= "In-network computing to the rescue of faulty links",
  author= "Giesen, Hans and Shi, Lei and Sonchack, John and Chelluri, Anirudh and Prabhu, Nishanth and Sultana, Nik and Kant, Latha and McAuley, Anthony J and Poylisher, Alexander and DeHon, Andr{\'e} and others",
  booktitle= "Proceedings of the 2018 Morning Workshop on In-Network Computing (NetCompute)",
  year= "2018",
}

@inproceedings{netcache,
  author = "Jin, Xin and Li, Xiaozhou and Zhang, Haoyu and Soul{\'e}, Robert and Lee, Jeongkeun and Foster, Nate and Kim, Changhoon and Stoica, Ion",
  title = "Net{C}ache: {B}alancing {K}ey-{V}alue {S}tores with {F}ast {I}n-{N}etwork {C}aching",
  booktitle = "Proceedings of the Symposium on Operating Systems Principles (SOSP)",
  year = "2017",
} 

@inproceedings{kvdirect,
  author = "Li, Bojie and Ruan, Zhenyuan and Xiao, Wencong and Lu, Yuanwei and Xiong, Yongqiang and Putnam, Andrew and Chen, Enhong and Zhang, Lintao",
  title = "{KV}-{D}irect: {H}igh-{P}erformance {I}n-{M}emory {K}ey-{V}alue {S}tore with {P}rogrammable {NIC}",
  booktitle = "Proceedings of the Symposium on Operating Systems Principles (SOSP)",
  year = "2017",
} 

@inproceedings{marple,
  author = "Narayana, Srinivas and Sivaraman, Anirudh and Nathan, Vikram and Goyal, Prateesh and Arun, Venkat and Alizadeh, Mohammad and Jeyakumar, Vimalkumar and Kim, Changhoon",
  title = "Language-{D}irected {H}ardware {D}esign for {N}etwork {P}erformance {M}onitoring",
  booktitle = "Proceedings of the the ACM Special Interest Group on Data Communication (SIGCOMM)",
  year = "2017",
}

@inproceedings{netpaxos,
 author = "Dang, Huynh Tu and Sciascia, Daniele and Canini, Marco and Pedone, Fernando and Soul{\'e}, Robert",
 title = "Net{P}axos: {C}onsensus at {N}etwork {S}peed",
 booktitle = "Proceedings of the the Symposium on SDN Research (SOSR)",
 year = "2015",
} 

@inproceedings{acceltcp,
  title= "Accel{TCP}: {A}ccelerating {N}etwork {A}pplications with {S}tateful {TCP} {O}ffloading",
  author= "Moon, YoungGyoun and Lee, SeungEon and Jamshed, Muhammad Asim and Park, KyoungSoo",
  booktitle= "17th USENIX Symposium on Networked Systems Design and Implementation (NSDI)",
  year= "2020",
}

@misc{switchml,
      title="Scaling {D}istributed {M}achine {L}earning with {I}n-{N}etwork {A}ggregation", 
      author={Amedeo Sapio and Marco Canini and Chen-Yu Ho and Jacob Nelson and Panos Kalnis and Changhoon Kim and Arvind Krishnamurthy and Masoud Moshref and Dan R. K. Ports and Peter Richt√°rik},
      year={2020},
      eprint={1903.06701},
      archivePrefix={arXiv},
      primaryClass={cs.DC}
}

@inproceedings{dream,
author = "Xiong, Zhaoqi and Zilberman, Noa",
title = "Do {S}witches {D}ream of {M}achine {L}earning? {T}oward {I}n-{N}etwork {C}lassification",
booktitle = "Proceedings of the 18th ACM Workshop on Hot Topics in Networks (HotNets)",
year = "2019",
}

@inproceedings{silkroad,
 author = "Miao, Rui and Zeng, Hongyi and Kim, Changhoon and Lee, Jeongkeun and Yu, Minlan",
 title = "Silk{R}oad: {M}aking {S}tateful {L}ayer-4 {L}oad {B}alancing {F}ast and {C}heap {U}sing {S}witching {ASIC}s",
 booktitle = "Proceedings of the the ACM Special Interest Group on Data Communication (SIGCOMM)",
 year = "2017",
} 

@inproceedings{appswitch,
 author = "Cidon, Eyal and Choi, Sean and Katti, Sachin and McKeown, Nick",
 title = "App{S}witch: {A}pplication-layer {L}oad {B}alancing {W}ithin a {S}oftware {S}witch",
 booktitle = "Proceedings of the Asia-Pacific Workshop on Networking (APNet)",
 year = "2017",
} 

@inproceedings{hashpipe,
 author = "Sivaraman, Vibhaalakshmi and Narayana, Srinivas and Rottenstreich, Ori and Muthukrishnan, S. and Rexford, Jennifer",
 title = "{H}eavy-{H}itter {D}etection {E}ntirely in the {D}ata {P}lane",
 booktitle = "Proceedings of the the Symposium on SDN Research (SOSR)",
 year = "2017",
 }
 
 @inproceedings{sonata,
  title= "Sonata: {Q}uery-driven streaming network telemetry",
  author= "Gupta, Arpit and Harrison, Rob and Canini, Marco and Feamster, Nick and Rexford, Jennifer and Willinger, Walter",
  booktitle= "Proceedings of the 2018 Conference of the ACM Special Interest Group on Data Communication",
  year= "2018",
}

@inproceedings{carpe,
  title= "Carpe {E}lephants: {S}eize the {G}lobal {H}eavy {H}itters",
  author= "Harrison, Rob and Feibish, Shir Landau and Gupta, Arpit and Teixeira, Ross and Muthukrishnan, S and Rexford, Jennifer",
  booktitle= "Proceedings of the Workshop on Secure Programmable Network Infrastructure (SPIN)",
  year= "2020",
}

@inproceedings{network-heavy-hitter,
  title= "Network-wide heavy hitter detection with commodity switches",
  author= "Harrison, Rob and Cai, Qizhe and Gupta, Arpit and Rexford, Jennifer",
  booktitle= "Proceedings of the Symposium on SDN Research (SOSR)",
  year= "2018"
}

@inproceedings{in-mem-consensus,
  title= "Consensus for {N}on-{V}olatile {M}ain {M}emory",
  author= "Dang, Huynh Tu and others",
  booktitle= "IEEE 26th International Conference on Network Protocols (ICNP)",
  year = "2018",
}

@inproceedings{mobile_5G_hw1, 
title= "Offloading {VNF}s to programmable switches using {P}4",
author= "Cascone, Carmelo and Chau, Uyen", 
booktitle= "ONS North America", 
year = "2018",
}

@inproceedings{mobile_5G_hw2,
  title= "Transparent {E}dge {G}ateway for {M}obile {N}etworks",
  author = "Aghdai, Ashkan and others",
  booktitle = "IEEE 26th International Conference on Network Protocols (ICNP)",
  year = "2018",
}

@inproceedings{smartnic-cp,
 author = "Molero, Edgar Costa and Vissicchio, Stefano and Vanbever, Laurent",
 title = "Hardware-{A}ccelerated {N}etwork {C}ontrol {P}lanes",
 booktitle = "Proceedings of the 17th ACM Workshop on Hot Topics in Networks",
 series = "HotNets",
 year = "2018",
} 

@inproceedings{turboepc,
author = "Shah, Rinku and Kumar, Vikas and Vutukuru, Mythili and Kulkarni, Purushottam",
title = "Turbo{EPC}: {L}everaging {D}ataplane {P}rogrammability to {A}ccelerate the {M}obile {P}acket {C}ore",
booktitle = "Proceedings of the Symposium on SDN Research (SOSR)",
year = "2020",
}

@online{gtp_ref,
  author = "3GPP 29.060",
  title  = "General {P}acket {R}adio {S}ervice ({GPRS}); {GPRS} {T}unnelling {P}rotocol ({GTP}) across the {G}n and {G}p interface",
  url    = "https://portal.3gpp.org/desktopmodules/Specifications/SpecificationDetails.aspx?specificationId=1595",
  year   = "2015"
}
@online{ddpGuide,
  author = "Robin Giller, Andrey Chilikin, Brian Johnson",
  title  = "Intel¬Æ {E}thernet {C}ontroller 700 Series {GTP}v1 - {D}ynamic {D}evice {P}ersonalization",
  url    = "https://builders.intel.com/docs/networkbuilders/intel-ethernet-controller-700-series-gtpv1-dynamic-device-personalization.pdf/",
  year   = "2018"
}
@online{imixLink,
  author = "",
  title  = "Internet {M}ix ({IMIX}) {T}raffic",
  url    = "https://en.wikipedia.org/wiki/Internet_Mix",
  year   = "2020"
}

@online{flowReport,
  author = "",
  title  = "Introduction to {I}ntel {E}thernet {F}low {D}irector and {M}emcached performance",
  url    = "https://www.intel.com/content/dam/www/public/us/en/documents/white-papers/intel-ethernet-flow-director.pdf",
  year   = ""
}
@online{rss,
  author = "Viviano, Amy and Coulter, David and Schonning, Nick and MacMichael, Duncan and Latimer, Bill",
  title  = "Receive {S}ide {S}caling ({RSS})",
  url    = "https://docs.microsoft.com/en-us/windows-hardware/drivers/network/introduction-to-receive-side-scaling",
  year   = "2017"
}

@online{i40eDriver,
  author = "",
  title  = "I40{E} {P}oll {M}ode {D}river",
  url    = "https://doc.dpdk.org/guides/nics/i40e.html",
  year   = "2020"
}
  
@inproceedings{carousel,
  title= "Carousel: Scalable traffic shaping at end hosts",
  author= "Saeed, Ahmed and Dukkipati, Nandita and Valancius, Vytautas and The Lam, Vinh and Contavalli, Carlo and Vahdat, Amin",
  booktitle= "Proceedings of the Conference of the ACM Special Interest Group on Data Communication (SIGCOMM)",
  year= "2017",
}

@online{dpdk_overview,
  author = "",
  title = "{DPDK} {O}verview.",
  url = "https://doc.dpdk.org/guides/prog_guide/overview.html",
  year = "2021",
}
@online{5g23501,
  author = "",
  title = "3GPP Ref \#:23.501. 2017. {S}ystem architecture for the 5{G} {S}ystem (5{GS})",
  url = "https://www.3gpp.org/ftp/Specs/archive/23_series/23.501/",
  year = "2017",
}

@online{5g29244,
  author = "",
  title = "3GPP Ref \#: 29.244. 2017. {S}ystem architecture for the 5{G} {S}ystem (5GS)",
  url = "https://www.3gpp.org/ftp/Specs/archive/29_series/29.244/",
  year = 2017,
}

@online{5g29060,
  author = "",
  title = "3GPP Ref \#: 29.060. 2017. System architecture for the 5{G} {S}ystem (5GS)",
  url = "https://www.3gpp.org/ftp/Specs/archive/29_series/29.060/",
  year = "2017",
}

@online{intel_wp,
  author = "Lee, DongJin and Park, JongHan and Hiremath, Chetan and Mangan, John and Lynch, Michael",
  title = "Towards achieving high performance in 5{G} mobile packet core's user plane function. ",
  url = "https://builders.intel.com/docs/networkbuilders/towards-achieving-high-performance-in-5g-mobile-packet-cores-user-plane-function.pdf",
  year = "2018",
}

@online{metaswitch,
  author = "",
  title = "Lighting {U}p the 5{G} {C}ore with a {H}igh-{S}peed {U}ser {P}lane on {I}ntel {A}rchitecture.",
  url = "https://builders.intel.com/docs/networkbuilders/lighting-up-the-5g-core-with-a-high-speed-user-plane-on-intel-architecture.pdf",
   year = "2019",
}

@online{mavenir,
  author = "",
  title = "Optimizing {UPF} performance using {S}mart{NIC} offload.",
  url = "https://mavenir.com/wp-content/uploads/2020/11/Mavenir_UPF_Solution_Brief.pdf",
   year = "2020",
}

@online{astri, 
  author = "",
  title = "5{G} {U}ser {P}lane {F}unction ({UPF}) - Performance with {ASTRI}.",
  url = "https://networkbuilders.intel.com/solutionslibrary/5g-user-plane-function-upf-performance-with-astri-solution-brief",
   year = "2020",
}

@book{5Gbook, 
title = "5{G} {C}ore {N}etworks", 
subtitle = "Powering {D}igitalization", 
author = "Rommer, Stefan and Hedman, Peter and Olsson, Magnus and Frid, Lars and Sultana, Shabnam and Mulligan, Catherine", 
year = "2020",
}

@online{stats-1,
  author= "Tabbane, Sami",
  title = "Core network and transmission dimensioning",
  url = "https://www.itu.int/en/ITU-D/Regional-Presence/AsiaPacific/SiteAssets/Pages/Events/2016/Aug-WBB-Iran/Wirelessbroadband/core\%20network\%20dimensioning.pdf", 
  year = "2016",
}

@online{stats-2,
  author = "Nowoswiat, David",
  title = "Managing {LTE} {C}ore {N}etwork {S}ignaling {T}raffic",
  url = "https://www.nokia.com/en\_int/blog/managing-lte-core-network-signaling-traffic",
  year = "2013",
}

@online{stats-ericsson,
  author="",
  title = "Ericsson {M}obility {R}eport",
  url = "http://mb.cision.com/Main/15448/2245189/661253.pdf", 
  year = "2016",
}

@online{5g-stats,
  author = "Dr. Kim",
  title = "5{G} stats",
  url = "https://techneconomyblog.com/tag/economics/",
  year = "2017",
}

@online{5g-spec,
  author="3GPP",
  title = "5{G} 3{GPP} specifications",
  url = "https://www.3gpp.org/ftp/Specs/archive/23_series/23.502/", 
  year = "2017",
}

@inproceedings{5g-iot-chk,
  title= "Distinguishing 5{G} {I}o{T} {U}se-{C}ases through {A}nalyzing {S}ignaling {T}raffic {C}haracteristics",
  author= "So{\'o}s, G{\'a}bor and Janky, Ferenc N{\'a}ndor and Varga, P{\'a}l",
  booktitle= "2019 42nd International Conference on Telecommunications and Signal Processing (TSP)",
  year= "2019",
}

@online{ngmn,
  author = "R. E. Hattachi",
  title = "Next {G}eneration {M}obile {N}etworks, {NGMN}",
  url = "https://www.ngmn.org/wp-content/uploads/NGMN_5G_White_Paper_V1_0.pdf",
  year = "2015",
}

@online{5g-testbed,
  author= "",
  title = "5{G} testbed at {IIT} {B}ombay",
  url = "https://www.cse.iitb.ac.in/~5gtestbed/", 
  year = "2021",
}

@online{5g-testbed-in,
  author= "",
  title = "5{G} testbed, {D}o{T}, {G}ovt. of {I}ndia.",
  url = "https://5gtestbed.in/", 
  year = "2021",
}

@online{thrift-api,
	author = "",
	title = "Apache {T}hrift - {H}ome",
	url = "https://thrift.apache.org/",
	year = "2021",
}
